@incollection{grasp,
  author      = "Mauricio G. C. Resende and Celso C. Ribeiro",
  title       = "Greedy Randomized Adaptive Search Procedures: Advances, Hybridizations, and Applications",
  editor      = "M. Gendreau and J.-Y. Potvin",
  booktitle   = "Handbook of Metaheuristics",
  publisher   = "Springer Science+Business Media",
  year        = 2010,
  pages       = "283-318",
  chapter     = 10,
  series      = "International Series in Operations Research \& Management Science",
  volume      = 146,
  doi         = "10.1007/978-1-4419-1665-5"
}

@article{kochenberger2014unconstrained,
  title={The unconstrained binary quadratic programming problem: a survey},
  author={Kochenberger, Gary and Hao, Jin-Kao and Glover, Fred and Lewis, Mark and L{\"u}, Zhipeng and Wang, Haibo and Wang, Yang},
  journal={Journal of Combinatorial Optimization},
  volume={28},
  number={1},
  pages={58--81},
  year={2014},
  publisher={Springer}
}